<record><leader>00000cas a2200000 a 4500</leader><controlfield tag="001">30411079</controlfield><controlfield tag="007">hd afu---bact</controlfield><controlfield tag="008">940510d18931945nbuwr n a     0    0eng d</controlfield><datafield ind1=" " ind2=" " tag="010"><subfield code="a">sn 94055241 </subfield></datafield><datafield ind1=" " ind2=" " tag="040"><subfield code="a">NVG</subfield><subfield code="b">eng</subfield><subfield code="c">NVG</subfield><subfield code="d">OCL</subfield><subfield code="d">OCLCQ</subfield><subfield code="d">OCLCF</subfield><subfield code="d">OCLCO</subfield><subfield code="d">OCLCQ</subfield></datafield><datafield ind1=" " ind2=" " tag="042"><subfield code="a">msc</subfield></datafield><datafield ind1=" " ind2=" " tag="043"><subfield code="a">n-us-nb</subfield></datafield><datafield ind1="0" ind2=" " tag="130"><subfield code="a">Ainsworth star-journal (Ainsworth, Neb. : 1893)</subfield></datafield><datafield ind1="1" ind2="4" tag="245"><subfield code="a">The Ainsworth star-journal.</subfield></datafield><datafield ind1="1" ind2="3" tag="246"><subfield code="a">Star-journal</subfield></datafield><datafield ind1=" " ind2=" " tag="260"><subfield code="a">Ainsworth, Neb. :</subfield><subfield code="b">T.J. Smith,</subfield><subfield code="c">1893-1945.</subfield></datafield><datafield ind1=" " ind2=" " tag="300"><subfield code="a">57 volumes</subfield></datafield><datafield ind1=" " ind2=" " tag="310"><subfield code="a">Weekly</subfield></datafield><datafield ind1=" " ind2=" " tag="336"><subfield code="a">text</subfield><subfield code="b">txt</subfield><subfield code="2">rdacontent</subfield></datafield><datafield ind1=" " ind2=" " tag="337"><subfield code="a">microform</subfield><subfield code="b">h</subfield><subfield code="2">rdamedia</subfield></datafield><datafield ind1=" " ind2=" " tag="338"><subfield code="a">microfilm reel</subfield><subfield code="b">hd</subfield><subfield code="2">rdacarrier</subfield></datafield><datafield ind1="0" ind2=" " tag="362"><subfield code="a">Vol. 7, no. 41 (May 25, 1893)-v. 63, no. 43 (May 31, 1945).</subfield></datafield><datafield ind1=" " ind2=" " tag="515"><subfield code="a">Issue for Oct. 29, 1936 incorrectly dated Nov. 29, 1936.</subfield></datafield><datafield ind1=" " ind2=" " tag="525"><subfield code="a">Supplements accompany some issues.</subfield></datafield><datafield ind1=" " ind2=" " tag="580"><subfield code="a">Merged with : Brown County Democrat (Ainsworth, Neb.), to form: Ainsworth star-journal and Brown County Democrat.</subfield></datafield><datafield ind1=" " ind2=" " tag="533"><subfield code="a">Microfilm.</subfield><subfield code="b">Wooster, Ohio :</subfield><subfield code="c">Bell &amp; Howell.</subfield><subfield code="e">32 microfilm reels ; 35 mm.</subfield></datafield><datafield ind1=" " ind2="0" tag="651"><subfield code="a">Ainsworth (Neb.)</subfield><subfield code="v">Newspapers.</subfield></datafield><datafield ind1=" " ind2="7" tag="651"><subfield code="a">Nebraska</subfield><subfield code="z">Ainsworth.</subfield><subfield code="2">fast</subfield><subfield code="0">(OCoLC)fst01275961</subfield></datafield><datafield ind1=" " ind2="7" tag="655"><subfield code="a">Newspapers.</subfield><subfield code="2">fast</subfield><subfield code="0">(OCoLC)fst01423814</subfield></datafield><datafield ind1=" " ind2=" " tag="752"><subfield code="a">United States</subfield><subfield code="b">Nebraska</subfield><subfield code="c">Brown</subfield><subfield code="d">Ainsworth.</subfield></datafield><datafield ind1="0" ind2="0" tag="780"><subfield code="t">Star-journal (Ainsworth, Neb.)</subfield><subfield code="w">(DLC)sn 94055236</subfield></datafield><datafield ind1="0" ind2="5" tag="780"><subfield code="t">Ainsworth herald</subfield><subfield code="w">(DLC)sn 94055256</subfield></datafield><datafield ind1="0" ind2="5" tag="780"><subfield code="t">Long Pine journal (Long Pine, Neb. : 1899)</subfield><subfield code="w">(DLC)sn 94055281</subfield></datafield><datafield ind1="1" ind2="7" tag="785"><subfield code="t">Brown County Democrat (Ainsworth, Neb.)</subfield><subfield code="w">(DLC)sn 94055271</subfield></datafield><datafield ind1="1" ind2="7" tag="785"><subfield code="t">Ainsworth star-journal and Brown County Democrat</subfield><subfield code="w">(DLC)sn 94055246</subfield></datafield><datafield ind1="1" ind2=" " tag="029"><subfield code="a">AU@</subfield><subfield code="b">000010976670</subfield></datafield></record>